[gd_scene load_steps=6 format=3 uid="uid://dcu8gx64dnapj"]

[ext_resource type="Texture2D" uid="uid://c675on0ynsuvt" path="res://Assets/Art/comicpanels/comicpanel1.PNG" id="1_hnxh2"]
[ext_resource type="Script" path="res://World/StoryComic/storypanel1.gd" id="2_5sam2"]
[ext_resource type="Script" path="res://World/StoryComic/page1timer.gd" id="3_1uivc"]
[ext_resource type="PackedScene" uid="uid://6th47bhi6bn" path="res://World/StoryComic/textbox.tscn" id="4_fhuht"]
[ext_resource type="AudioStream" uid="uid://c5i6jdmymifda" path="res://Assets/Music/walking.mp3" id="5_7rw7e"]

[node name="storypanel1" type="Control"]
layout_mode = 3
anchors_preset = 15
anchor_right = 1.0
anchor_bottom = 1.0
grow_horizontal = 2
grow_vertical = 2

[node name="CanvasLayer" type="CanvasLayer" parent="."]

[node name="page1" type="Sprite2D" parent="CanvasLayer"]
z_index = 1
texture_filter = 1
position = Vector2(923.75, 548.844)
scale = Vector2(2.09427, 1.99317)
texture = ExtResource("1_hnxh2")
hframes = 2
vframes = 2
script = ExtResource("2_5sam2")

[node name="Camera2D" type="Camera2D" parent="CanvasLayer/page1"]

[node name="Timer" type="Timer" parent="CanvasLayer/page1"]
wait_time = 7.0
autostart = true
script = ExtResource("3_1uivc")

[node name="Textbox" parent="CanvasLayer/page1" instance=ExtResource("4_fhuht")]

[node name="AudioStreamPlayer" type="AudioStreamPlayer" parent="."]
stream = ExtResource("5_7rw7e")
autoplay = true

[connection signal="timeout" from="CanvasLayer/page1/Timer" to="CanvasLayer/page1" method="_on_timer_timeout"]
[connection signal="timeout" from="CanvasLayer/page1/Timer" to="CanvasLayer/page1/Timer" method="_on_timeout"]
